@misc{Web/VirtualBox,
  title = {{Oracle VM Virtual Box 官方网站}},
  howpublished={\url{https://www.virtualbox.org/}}
}

@misc{Web/VMwareWorkstation,
  title = {{VMware Workstation Pro 官方网站}},
  howpublished={\url{https://www.vmware.com/cn/products/workstation-pro.html}}
}

@misc{Web/ParallelsDesktop,
  title = {{Parallels Desktop 网站}},
  howpublished={\url{https://www.parallels.cn/}}
}

@misc{Web/QEMU,
  title = {{QEMU 官方网站}},
  howpublished={\url{https://www.qemu.org/}}
}

@misc{Web/installVB,
  title = {{virtualbox安装详解}},
  howpublished={\url{https://blog.csdn.net/qq3399013670/article/details/81937412}},
  year = {2018}
}

@misc{Web/installCatalina,
  title = {{手把手教你如何在Windows PC的VirtualBox上安装macOS 10.15 Catalina系统}},
  howpublished={\url{https://blog.csdn.net/lb245557472/article/details/103565752}},
  year = {2019}
}

@misc{Web/CatalinaRecovery,
  title = {{Virtual Box下进入MacOS虚拟机Recovery模式并修改VirtualBox中MacOS虚拟机的分辨率}},
  howpublished={\url{https://blog.csdn.net/weixin_43796042/article/details/84503388}},
  year = {2018}
}