@misc{Web/wiki-cpu,
  title = {{Wikipedia: Central processing unit}},
  howpublished={\url{https://en.wikipedia.org/wiki/Central_processing_unit}}
}
@misc{Web/wiki-mb,
  title = {{Wikipedia: Memory bandwidth}},
  howpublished={\url{https://en.wikipedia.org/wiki/Memory_bandwidth}}
}
@misc{Web/wiki-pcie,
  title = {{Wikipedia: PCI Express}},
  howpublished={\url{https://zh.wikipedia.org/wiki/PCI_Express}}
}
@misc{Web/wiki-sata,
  title = {{Wikipedia: SATA}},
  howpublished={\url{https://zh.wikipedia.org/wiki/SATA}}
}
@misc{Web/nvme,
  title = {{什么是NVMe?一篇文章理清它的前生今世}},
  howpublished={\url{https://storage.it168.com/a2018/0921/5045/000005045252.shtml}}
}
@misc{Web/jedec,
  title = {{JEDEC Memory Workshops: DDR5, NVDIMM-P, DRAM Tutorial}},
  howpublished={\url{https://www.jedec.org/memory-workshops-2017}}
}
@misc{Web/crucial,
  title = {{英睿达：内存时序}},
  howpublished={\url{https://www.crucial.cn/articles/about-memory/what-is-the-memory-timing-sequence}}
}
@book{bingxing-book,
  title={并行计算与程序设计},
  author={刘其成},
  year={2014},
}
@misc{Web/i9-12900K,
  title = {{英特尔酷睿i9-12900K评测}},
  howpublished={\url{https://xw.qq.com/cmsid/20211105A02YEA00}}
}
@article{borkar2011future,
  title={The future of microprocessors},
  author={Borkar, Shekhar and Chien, Andrew A},
  journal={Communications of the ACM},
  volume={54},
  number={5},
  pages={67--77},
  year={2011},
  publisher={ACM New York, NY, USA}
}
@misc{Web/zhihu1,
  title={{知乎：CPU 的性能是不是快到天花板了?为什么?}},
  howpublished={\url{https://www.zhihu.com/question/376567574/answer/1954682510}}
}
@misc{Web/zhihu2,
  title={{知乎：内存时序是什么?对性能影响有多大?}},
  howpublished={\url{https://zhuanlan.zhihu.com/p/382912420}}
}

@book{CSAPP,
  title={Computer systems : a programmer's perspective / Third edition},
  author={Bryant and RandalE},
  year={2016},
}

@book{os-book,
  title={Operating system concepts},
  author={Galvin, Peter B and Gagne, Greg and Silberschatz, Abraham and others}
}

@book{ZC2013,
  title={计算机组成与结构},
  author={王爱英},
  publisher={计算机组成与结构},
  year={2013},
}

@misc{Web/VMwareWorkstation,
  title = {{VMware Workstation Pro 官方网站}},
  howpublished={\url{https://www.vmware.com/cn/products/workstation-pro.html}}
}
@misc{Web/NAND,
  title = {{固态硬盘的SLC、MLC、TLC和QLC的区别}},
  howpublished={\url{https://blog.csdn.net/liuyukuan/article/details/85872743}}
}

@misc{Web/ParallelsDesktop,
  title = {{Parallels Desktop 网站}},
  howpublished={\url{https://www.parallels.cn/}}
}

@misc{Web/QEMU,
  title = {{QEMU 官方网站}},
  howpublished={\url{https://www.qemu.org/}}
}

@misc{Web/installVB,
  title = {{virtualbox安装详解}},
  howpublished={\url{https://blog.csdn.net/qq3399013670/article/details/81937412}},
  year = {2018}
}

@misc{Web/installCatalina,
  title = {{手把手教你如何在Windows PC的VirtualBox上安装macOS 10.15 Catalina系统}},
  howpublished={\url{https://blog.csdn.net/lb245557472/article/details/103565752}},
  year = {2019}
}

@misc{Web/CatalinaRecovery,
  title = {{Virtual Box下进入MacOS虚拟机Recovery模式并修改VirtualBox中MacOS虚拟机的分辨率}},
  howpublished={\url{https://blog.csdn.net/weixin_43796042/article/details/84503388}},
  year = {2018}
}